@book{gamma1995design,
	title={Design patterns: elements of reusable object-oriented software},
	author={Gamma, Erich and Helm, Richard and Johnson, Ralph and Vlissides, John},
	year={1995},
	publisher={Pearson Deutschland GmbH}
}
@inproceedings{heiland2023design,
	title={Design Patterns for AI-based Systems: A Multivocal Literature Review and Pattern Repository},
	author={Heiland, Lukas and Hauser, Marius and Bogner, Justus},
	booktitle={2023 IEEE/ACM 2nd International Conference on AI Engineering--Software Engineering for AI (CAIN)},
	pages={184--196},
	year={2023},
	organization={IEEE}
}
@inproceedings{eshghie2023capturing,
	title={Capturing Smart Contract Design with DCR Graphs},
	author={Eshghie, Mojtaba and Ahrendt, Wolfgang and Artho, Cyrille and Hildebrandt, Thomas Troels and Schneider, Gerardo},
	booktitle={International Conference on Software Engineering and Formal Methods},
	pages={106--125},
	year={2023},
	organization={Springer}
}
@article{burattin2022monitoring,
	title={A Monitoring and Discovery Approach for Declarative Processes Based on Streams},
	author={Burattin, Andrea and L{\'o}pez, Hugo A and Starklit, Lasse},
	journal={arXiv preprint arXiv:2208.05364},
	year={2022}
}
@article{paltoglou2021automated,
	title={Automated refactoring of legacy JavaScript code to ES6 modules},
	author={Paltoglou, Katerina and Zafeiris, Vassilis E and Diamantidis, NA and Giakoumakis, Emmanouel A},
	journal={Journal of Systems and Software},
	volume={181},
	pages={111049},
	year={2021},
	publisher={Elsevier}
}
@book{design_patterns,
	author = {Wei Liu and Li Xia and Junyang Yu and Xindi Huang},
	title = {Design Patterns},
	edition = {2nd edition},
	publisher = {Tsinghua University Press},
	year = {2018},
	month = {12},
	day = {1},
	isbn = {9787302511052},
	price = {79.80},
}
@book{java_design_patterns,
	author = {Kamalmeet Singh},
	title = {Java Design Patterns and Practices},
	publisher = {DianDu Education Bookstore},
	year = {2019},
	month = {07},
	note = {PDF available for download on Baidu Netdisk},
}
@book{gamma2019设计模式,
	title={设计模式: 可复用面向对象软件的基础},
	author={Gamma, Erich and Helm, Richard and Johnson, Ralph E and Vlissides, John},
	year={2019},
	publisher={Ji xie gong ye chu ban she}
}


